@BOOK{Ferreiros01,
AUTHOR= "Ferreiros, Jos√© ",
TITLE= "The Road to Modern Logic-An Interpretation",
PUBLISHER = {The Bulletin of Symbolic Logic, Vol. 7, No. 4},
YEAR = "2001"} 

@BOOK{KingShapiro95,
AUTHOR= "King, P  and Shapiro, S",
TTILE= "The History of Logic",
PUBLISHER= {Oxford Companion to Philosophy (Oxford University Press)},
YEAR="1995"
}

@book{barker2011language,
  title={Language, Proof and Logic [With Software]},
  author={Barker-Plummer, D. and Barwise, J. and Etchemendy, J. and Liu, A.},
  isbn={9781575866321},
  lccn={2011019703},
  url={http://books.google.co.uk/books?id=beKNZwEACAAJ},
  year={2011},
  publisher={CSLI Publications}
}

@book{kneale1962developments,
  title={The Developments of Logic},
  author={Kneale, W.C. and Kneale, M.},
  isbn={9780198247739},
  lccn={84014881},
  url={http://books.google.co.uk/books?id=FtXAwgy1w9cC},
  year={1962},
  publisher={Oxford University Press}
}

@book{wolfgang1999mentality,
  title={The Mentality of Apes},
  author={Wolfgang, K. and K{\"o}hler, W.},
  number={v. 3},
  isbn={9780415209793},
  series={International Library of Psychology},
  url={http://books.google.co.uk/books?id=hOFJysQuHIYC},
  year={1999},
  publisher={Routledge}
}

@book{salmon2007introduction,
  title={Introduction to Logic And Critical Thinking},
  author={Salmon, M.H.},
  isbn={9780534626631},
  lccn={2005937227},
  url={http://books.google.co.uk/books?id=BB6CdVQ0xvcC},
  year={2007},
  publisher={Thomson Wadsworth}
}

@InCollection{sep-aristotle-logic,
	author       =	{Smith, Robin},
	title        =	{Aristotle\'s Logic},
	booktitle    =	{The Stanford Encyclopedia of Philosophy},
	editor       =	{Edward N. Zalta},
	howpublished =	{http://plato.stanford.edu/archives/spr2012/entries/aristotle-logic/},
	year         =	{2012},
	edition      =	{Spring 2012},
}

@InCollection{sep-leibniz-logic-influence,
	author       =	{Peckhaus, Volker},
	title        =	{Leibniz\'s Influence on 19th Century Logic},
	booktitle    =	{The Stanford Encyclopedia of Philosophy},
	editor       =	{Edward N. Zalta},
	howpublished =	l{http://plato.stanford.edu/archives/fall2009/entries/leibniz-logic-influence/},
	year         =	{2009},
	edition      =	{Fall 2009},
}

@InCollection{sep-principia-mathematica,
	author       =	{Irvine, A. D.},
	title        =	{Principia Mathematica},
	booktitle    =	{The Stanford Encyclopedia of Philosophy},
	editor       =	{Edward N. Zalta},
	howpublished =	{http://plato.stanford.edu/archives/win2010/entries/principia-mathematica/},
	year         =	{2010},
	edition      =	{Winter 2010},
}

@InCollection{ofcom,
	author={Ofcom},
	title  ={Internet and web-based content}
	booktitle={The Communications Market}
	year ={2012},
	url={http://stakeholders.ofcom.org.uk/binaries/research/cmr/cmr12/UK\_4.pdf},
}

@InCollection{venture-beat,
	author={John Koetsier},
	title  ={Android captured almost 70\% global smartphone market share in 2012, Apple just under 20\% }
	booktitle={Venture Beat}
	year ={2013},
	url={http://venturebeat.com/2013/01/28/android-captured-almost-70-global-smartphone-market-share-in-2012-apple-just-under-20/},
}

@book{cooper2011engineering,
  title={Engineering a Compiler},
  author={Cooper, K. and Torczon, L.},
  isbn={9780080916613},
  url={http://books.google.co.uk/books?id=\_tgh4bgQ6PAC},
  year={2011},
  publisher={Elsevier Science}
}


@book{aristotle2004prior,
  title={Prior Analytics},
  author={Aristotle},
  isbn={9781419143038},
  url={http://books.google.co.uk/books?id=fkMC71jWyCUC},
  year={2004},
  publisher={Kessinger Publishing}
}

@book{cantone2001set,
  title={Set Theory for Computing: From Decision Procedures to Declarative Programming with Sets},
  author={Cantone, D. and Omodeo, E. and Policriti, A.},
  isbn={9780387951973},
  lccn={01020446},
  series={Monographs in Computer Science},
  url={http://books.google.co.uk/books?id=sI78C0XbBXIC},
  year={2001},
  publisher={Springer}
}



  


	